@misc{ wiki,
	author = "Wikipedia",
	title = "Plagiarism --- {W}ikipedia{,} The Free Encyclopedia",
	year = "2004",
	url = "\url{http://en.wikipedia.org/w/index.php?title=Plagiarism&oldid=5139350}",
	note = "[Online; accessed 22-July-2004]"
}